@article{chen2005time,
  title={Time-series forecasting using flexible neural tree model},
  author={Chen, Yuehui and Yang, Bo and Dong, Jiwen and Abraham, Ajith},
  journal={Information sciences},
  volume={174},
  number={3},
  pages={219--235},
  year={2005},
  publisher={Elsevier}
}


@incollection{cortez2001genetic,
  title={Genetic and evolutionary algorithms for time series forecasting},
  author={Cortez, Paulo and Rocha, Miguel and Neves, Jos{\'e}},
  booktitle={Engineering of Intelligent Systems},
  pages={393--402},
  year={2001},
  publisher={Springer}
}


@techreport{anufriev2013learning,
  title={Learning to forecast with genetic algorithm},
  author={Anufriev, Mikhail and Hommes, Cars and Makarewicz, Tomasz},
  year={2013},
  institution={Technical report, working paper}
}

@inproceedings{heng1998short,
  title={Short term load forecasting using genetic algorithm and neural networks},
  author={Heng, ETH and Srinivasan, D and Liew, AC},
  booktitle={Energy Management and Power Delivery, 1998. Proceedings of EMPD'98. 1998 International Conference on},
  volume={2},
  pages={576--581},
  year={1998},
  organization={IEEE}
}

@inproceedings{bader2012garf,
  title={Garf: towards self-optimised random forests},
  author={Bader-El-Den, Mohamed and Gaber, Mohamed},
  booktitle={Neural Information Processing},
  pages={506--515},
  year={2012},
  organization={Springer}
}

@article{vafaeipour2014application,
  title={Application of sliding window technique for prediction of wind velocity time series},
  author={Vafaeipour, Majid and Rahbari, Omid and Rosen, Marc A and Fazelpour, Farivar and Ansarirad, Pooyandeh},
  journal={International Journal of Energy and Environmental Engineering},
  volume={5},
  number={2-3},
  pages={1--7},
  year={2014},
  publisher={Springer}
}

@article{loess,
  title={STL: A seasonal-trend decomposition procedure based on loess},
  author={Cleveland, Robert B and Cleveland, William S and McRae, Jean E and Terpenning, Irma},
  journal={Journal of Official Statistics},
  volume={6},
  number={1},
  pages={3--73},
  year={1990}
}

@article{quinlan1986induction,
  title={Induction of decision trees},
  author={Quinlan, J. Ross},
  journal={Machine learning},
  volume={1},
  number={1},
  pages={81--106},
  year={1986},
  publisher={Springer}
}

@book{rozenberg2011handbook,
  title={Handbook of natural computing},
  author={Rozenberg, Grzegorz and Bck, Thomas and Kok, Joost N},
  year={2011},
  publisher={Springer Publishing Company, Incorporated}
}

@inproceedings{gathercole1996adverse,
  title={An adverse interaction between crossover and restricted tree depth in genetic programming},
  author={Gathercole, Chris and Ross, Peter},
  booktitle={Proceedings of the 1st annual conference on genetic programming},
  pages={291--296},
  year={1996},
  organization={MIT Press}
}



