@article{chen2005time,
  title={Time-series forecasting using flexible neural tree model},
  author={Chen, Yuehui and Yang, Bo and Dong, Jiwen and Abraham, Ajith},
  journal={Information sciences},
  volume={174},
  number={3},
  pages={219--235},
  year={2005},
  publisher={Elsevier}
}


@incollection{cortez2001genetic,
  title={Genetic and evolutionary algorithms for time series forecasting},
  author={Cortez, Paulo and Rocha, Miguel and Neves, Jos{\'e}},
  booktitle={Engineering of Intelligent Systems},
  pages={393--402},
  year={2001},
  publisher={Springer}
}


@techreport{anufriev2013learning,
  title={Learning to forecast with genetic algorithm},
  author={Anufriev, Mikhail and Hommes, Cars and Makarewicz, Tomasz},
  year={2013},
  institution={Technical report, working paper}
}

@inproceedings{heng1998short,
  title={Short term load forecasting using genetic algorithm and neural networks},
  author={Heng, ETH and Srinivasan, D and Liew, AC},
  booktitle={Energy Management and Power Delivery, 1998. Proceedings of EMPD'98. 1998 International Conference on},
  volume={2},
  pages={576--581},
  year={1998},
  organization={IEEE}
}

@inproceedings{bader2012garf,
  title={Garf: towards self-optimised random forests},
  author={Bader-El-Den, Mohamed and Gaber, Mohamed},
  booktitle={Neural Information Processing},
  pages={506--515},
  year={2012},
  organization={Springer}
}

